<collection xmlns="http://www.loc.gov/MARC21/slim">
<record>
  <leader>01274nam0a22002891i 450 </leader>
  <controlfield tag="001">IT\ICCU\CNCE\019168</controlfield>
  <controlfield tag="005">20120821000000.0</controlfield>
  <datafield tag="012" ind1=" " ind2=" ">
    <subfield code="a">teto nato e.su QuNo (C) 1510 (Q)</subfield>
    <subfield code="2">fei</subfield>
  </datafield>
  <datafield tag="100" ind1=" " ind2=" ">
    <subfield code="a">19970101f1510        0itac0103    ba</subfield>
  </datafield>
  <datafield tag="101" ind1=" " ind2=" ">
    <subfield code="a">ITA</subfield>
  </datafield>
  <datafield tag="102" ind1=" " ind2=" ">
    <subfield code="a">IT</subfield>
  </datafield>
  <datafield tag="200" ind1="1" ind2=" ">
    <subfield code="a">Fioretto de cose noue nobilissime &amp; degne de diuersi auctori</subfield>
  </datafield>
  <datafield tag="210" ind1=" " ind2=" ">
    <subfield code="d">\circa 1510!</subfield>
    <subfield code="e">In Pesaro</subfield>
    <subfield code="g">per Pietro Capha</subfield>
    <subfield code="g">a istantia de Nicolo Zopino</subfield>
  </datafield>
  <datafield tag="215" ind1=" " ind2=" ">
    <subfield code="a">\40! c.</subfield>
    <subfield code="d">8ʻ</subfield>
  </datafield>
  <datafield tag="300" ind1=" " ind2=" ">
    <subfield code="a">La data si ricava dagli anni di attivit ̉a Pesaro di Pietro Cafa</subfield>
  </datafield>
  <datafield tag="620" ind1=" " ind2=" ">
    <subfield code="a">IT</subfield>
    <subfield code="d">Pesaro</subfield>
  </datafield>
  <datafield tag="712" ind1="0" ind2="0">
    <subfield code="a">Cafa, Pietro</subfield>
    <subfield code="3">IT\ICCU\CNCT\000647</subfield>
    <subfield code="4">650</subfield>
  </datafield>
  <datafield tag="712" ind1="0" ind2="0">
    <subfield code="a"></subfield>
    <subfield code="3">IT\ICCU\CNCT\000073</subfield>
    <subfield code="4">650</subfield>
  </datafield>
  <datafield tag="791" ind1="0" ind2="0">
    <subfield code="a">Capha, Pietro</subfield>
    <subfield code="3">IT\ICCU\CNCT\003066</subfield>
    <subfield code="z">Cafa, Pietro</subfield>
  </datafield>
  <datafield tag="791" ind1="0" ind2="0">
    <subfield code="a">Calcedonius, Alexander</subfield>
    <subfield code="3">IT\ICCU\CNCT\004392</subfield>
    <subfield code="z">Cafa, Pietro</subfield>
  </datafield>
  <datafield tag="791" ind1="0" ind2="2">
    <subfield code="a">Niccol ̣d&apos;Aristotele</subfield>
    <subfield code="3">IT\ICCU\CNCT\002735</subfield>
    <subfield code="z"></subfield>
  </datafield>
  <datafield tag="791" ind1="0" ind2="0">
    <subfield code="a">Rossi, Niccol ̣Zoppino di Aristotele de</subfield>
    <subfield code="3">IT\ICCU\CNCT\002962</subfield>
    <subfield code="z"></subfield>
  </datafield>
  <datafield tag="791" ind1="0" ind2="0">
    <subfield code="a">Zopinus, Nicolaus</subfield>
    <subfield code="3">IT\ICCU\CNCT\004194</subfield>
    <subfield code="z"></subfield>
  </datafield>
  <datafield tag="791" ind1="0" ind2="0">
    <subfield code="a">Zopino, Nicolo</subfield>
    <subfield code="3">IT\ICCU\CNCT\005842</subfield>
    <subfield code="z"></subfield>
  </datafield>
  <datafield tag="791" ind1="0" ind2="0">
    <subfield code="a">Zoppinus, Nicolaus de Aristotelibus</subfield>
    <subfield code="3">IT\ICCU\CNCT\005843</subfield>
    <subfield code="z"></subfield>
  </datafield>
  <datafield tag="801" ind1=" " ind2="3">
    <subfield code="a">IT</subfield>
    <subfield code="b">ICCU</subfield>
    <subfield code="c">20201114</subfield>
  </datafield>
  <datafield tag="899" ind1=" " ind2=" ">
    <subfield code="a">British Library. London</subfield>
    <subfield code="1">UK0001</subfield>
  </datafield>
</record>
</collection>
